% This file was created with JabRef 2.6.
% Encoding: Cp1252

@BOOK{allen:2010,
    author = {Allen, Sarah and Graupera, Vidal and Lundrigan, Lee},
    title = {Pro Smartphone Cross-Platform Development: iPhone, Blackberry, Windows Mobile and Android Development and Distribution},
    year = {2010},
    publisher = {Apress}
}

@BOOK{bentley:1999,
  title = {{P}rogramming {P}earls},
  publisher = {Addison--Wesley},
  year = {1999},
  author = {Jon Bentley},
  address = {Boston, MA, USA},
  edition = {2nd}
}

@BOOK{bloom:2012,
    author = {Bloom, Paul},
    title = {Mobile computing as a state of mind, not just technology},
    year = {2012},
    month = {October},
    publisher = {SmartPlanet},
    note = {\url{http://www.smartplanet.com/blog/ideas-insights/mobile-computing-as-a-state-of-mind-not-just-technology/187}}
}

@BOOK{bringhurst:2002,
  title = {{T}he {E}lements of {T}ypographic {S}tyle},
  publisher = {Hartley \& Marks Publishers},
  year = {2008},
  author = {Robert Bringhurst},
  series = {Version 3.2},
  address = {Point Roberts, WA, USA}
}

@BOOK{cormen:2001,
  title = {{I}ntroduction to {A}lgorithms},
  publisher = {The MIT Press},
  year = {2001},
  author = {Cormen, Thomas H. and Leiserson, Charles E. and Rivest, Ronald L.
	and Clifford Stein},
  address = {Cambridge, MA, USA},
  edition = {2nd}
}

@ARTICLE{knuth:1976,
  author = {Knuth, Donald E.},
  title = {{B}ig {O}micron and {B}ig {O}mega and {B}ig {T}heta},
  journal = {SIGACT News},
  year = {1976},
  volume = {8},
  pages = {18--24},
  number = {2},
  month = {April/June},
  address = {New York, NY, USA},
  publisher = {ACM Press}
}

@WEBSITE{wikipedia:android,
    author = {Wikipedia},
    title = {Android (operating system)},
    note = {\url{http://en.wikipedia.org/wiki/Android_(operating_system)}}    
}

@WEBSITE{wikipedia:firefox,
    author = {Wikipedia},
    title = {Firefox {OS}},
    note = {\url{http://en.wikipedia.org/wiki/Firefox_OS}}    
}

@ARTICLE{knuth:1974,
  author = {Knuth, Donald E.},
  title = {{C}omputer {P}rogramming as an {A}rt},
  journal = {Communications of the ACM},
  year = {1974},
  volume = {17},
  pages = {667--673},
  number = {12},
  month = {December },
  address = {New York, NY, USA},
  publisher = {ACM Press}
}